@misc{bi4_about_us,
	author = {Bi4 Group},
	title = {About Us},
	howpublished = "\url{https://www.bi4group.com/about-us/}"
}

@misc{angular_js_tutorial,
	author = {Code School},
	title = {Shaping Up With AngularJS},
	howpublished = "\url{https://www.codeschool.com/courses/shaping-up-with-angularjs}"
}

@misc{plantilla_latex,
	author = {Francisco Bolivar Lupiáñez},
	title = {Memoria de prácticas de empresa},
	howpublished = "\url{https://github.com/fblupi/master_informatica-PE}"
}
